@book{Wettl04,
  author    = {Ferenc Wettl and Gyula Mayer and Péter Szabó},
  publisher = {Panem Könyvkiadó},
  title     = {\LaTeX~kézikönyv},
  year      = {2004},
}

@article{Candy86,
  author       = {James C. Candy},
  journaltitle = {{IEEE} Trans.\ on Communications},
  month        = {01},
  note         = {\doi{10.1109/TCOM.1986.1096432}},
  number       = {1},
  pages        = {72--76},
  title        = {Decimation for Sigma Delta Modulation},
  volume       = {34},
  year         = {1986},
}

@inproceedings{Lee87,
  author    = {Wai L. Lee and Charles G. Sodini},
  booktitle = {Proc.\ of the IEEE International Symposium on Circuits and Systems},
  location  = {Philadelphia, PA, USA},
  month     = {05~4--7},
  pages     = {459--462},
  title     = {A Topology for Higher Order Interpolative Coders},
  vol       = {2},
  year      = {1987},
}

@thesis{KissPhD,
  author      = {Peter Kiss},
  institution = {Technical University of Timi\c{s}oara, Romania},
  month       = {04},
  title       = {Adaptive Digital Compensation of Analog Circuit Imperfections for Cascaded Delta-Sigma Analog-to-Digital Converters},
  type        = {phdthesis},
  year        = {2000},
}

@manual{Schreier00,
  author       = {Richard Schreier},
  month        = {01},
  note         = {\url{http://www.mathworks.com/matlabcentral/fileexchange/}},
  organization = {Oregon State University},
  title        = {The Delta-Sigma Toolbox v5.2},
  year         = {2000},
}

@misc{DipPortal,
  author       = {{Budapesti Műszaki és Gazdaságtudományi Egyetem Villamosmérnöki és Informatikai Kar}},
  howpublished = {\url{http://diplomaterv.vik.bme.hu/}},
  title        = {Diplomaterv portál (2011. február 26.)},
}

@incollection{Mkrtychev:1997,
  author    = {Mkrtychev, Alexey},
  booktitle = {Logical Foundations of Computer Science},
  doi       = {10.1007/3-540-63045-7_27},
  editor    = {Adian, Sergei and Nerode, Anil},
  isbn      = {978-3-540-63045-6},
  pages     = {266-275},
  publisher = {Springer Berlin Heidelberg},
  series    = {Lecture Notes in Computer Science},
  title     = {Models for the logic of proofs},
  url       = {http://dx.doi.org/10.1007/3-540-63045-7_27},
  volume    = {1234},
  year      = {1997},
}

@report{Jeney,
  author      = {Jeney, Gábor},
  institution = {Budapesti Műszaki és Gazdaságtudományi Egyetem, Híradástechnikai Tanszék},
  location    = {Budapest},
  note        = {\url{http://www.mcl.hu/~jeneyg/kinezet.pdf}},
  title       = {Hogyan néz ki egy igényes dokumentum? {N}éhány szóban az alapvető tipográfiai szabályokról},
  type        = {techreport},
  year        = {2014},
}



@article{Salay,
  author       = {Salay, Rick, Michalis Famelis, and Marsha Chechik},
  title 		= {Language independent refinement using partial modeling},
  note         = {Fundamental Approaches to Software Engineering},
  location     = {Springer Berlin Heidelberg},
  pages        = {224-239},
  year         = {2012},
}

@manual{Michalis,
  author       = {Michalis Famelis, Naama Ben-David, Alessio Di Sandro, Rick Salay, and Marsha Chechik},
  note         = {IEEE/ACM 37th IEEE International Conference on Software Engineering},
  organization = {University of Toronto},
  title        = {MU-MMINT: an IDE for Model Uncertainty},
  year         = {2015},
}

@misc{UML,
  title       = {{UML introduction}},
  howpublished = {\url{http://www.uml.org/what-is-uml.htm}},
}

@misc{Aql,
  howpublished = {\url{http://www.ibm.com/support/knowledgecenter/SSPT3X_3.0.0/com.ibm.swg.im.infosphere.biginsights.aqlref.doc/doc/aql-overview.html}},
  title        = {AQL reference},
}

@misc{Lambda,
  howpublished = {\url{https://www.techopedia.com/definition/3826/lambda-expression}},
  title        = {Lambda Expression},
}

@misc{Sirius,
  howpublished = {\url{https://www.eclipse.org/sirius/doc/}},
  title        = {Sirius dokumentáció},
}

@misc{SiruisTutNagyASz,
  author	   = {{András Szabolcs Nagy}},
  howpublished = {\url{https://github.com/FTSRG/lecture-notes/wiki/2016_sirius}},
  title        = {Sirius tutorial},
}

@misc{SiruisTutAdv,
  howpublished = {\url{https://wiki.eclipse.org/Sirius/Tutorials/AdvancedTutorial}},
  title        = {Sirius advanced tutorial},
}

@misc{SiruisTutStart,
  howpublished = {\url{https://wiki.eclipse.org/Sirius/Tutorials/StarterTutorial}},
  title        = {Sirius starter tutorial},
}

@misc{EMFtut,
  howpublished = {\url{http://eclipsesource.com/blogs/tutorials/emf-tutorial}},
  title        = {EMF (Eclipse Modelling Framework) tutorial},
}

@misc{EMF,
  howpublished = {\url{http://www.eclipse.org/emf}},
  title        = {EMF (Eclipse Modelling Framework)},
}

@misc{Acceleo,
  howpublished = {\url{https://wiki.eclipse.org/Acceleo/Acceleo_Operations_Reference}},
  title        = {Acceleo},
}

@misc{OCL,
  howpublished = {\url{https://wiki.eclipse.org/Acceleo/OCL_Operations_Reference}},
  title        = {OCL},
}
